
@TECHREPORT{cspa2013, 
  title = "Common Statistical Production Architecture",
  author = "{United Nations Economic Commision for Europe (UNECE)}",
  note = "Version 1.0 December 2013",
  year = 2013
}

